@article{vaswani2017attention,
  title={Attention is all you need},
  author={Vaswani, Ashish and Shazeer, Noam and Parmar, Niki and Uszkoreit, Jakob and Jones, Llion and Gomez, Aidan N and Kaiser, {\L}ukasz and Polosukhin, Illia},
  journal={Advances in neural information processing systems},
  volume={30},
  year={2017}
}

@inproceedings{tang2003finite,
  title={Finite mixture of ARMA-GARCH model for stock price prediction},
  author={Tang, Him and Chiu, Kai-Chun and Xu, Lei},
  booktitle={Proceedings of the Third International Workshop on Computational Intelligence in Economics and Finance (CIEF'2003), North Carolina, USA},
  pages={1112--1119},
  year={2003}
}

@article{heath2007evidence,
  title={Evidence of carry trade activity},
  author={Heath, Alexandra and Galati, Gabriele and McGuire, Patrick},
  journal={BIS Quarterly Review, September},
  year={2007}
}

@article{cenedese2014foreign,
  title={Foreign exchange risk and the predictability of carry trade returns},
  author={Cenedese, Gino and Sarno, Lucio and Tsiakas, Ilias},
  journal={Journal of Banking \& Finance},
  volume={42},
  pages={302--313},
  year={2014},
  publisher={Elsevier}
}
